@article{meijer2012getting,
  title={Getting a kick out of humanoid robotics},
  author={Meijer, Christiaan},
  year={2012}
}

@article{macalpineusing,
  title={Using Dynamic Rewards to Learn a Fully Holonomic Bipedal Walk},
  author={MacAlpine, Patrick and Stone, Peter}
}

@article{naothdescription,
  title={Berlin United - NaoTH 2013},
  author={Hafner, Verena and Burkhard, Hans-Dieter and Mellmann, Heinrich and Krause, Thomas and Scheunemann, Marcus and Ritter, Claas-Norman and Sch\"utte, Paul}
}

@article{kitano1997robocup,
  title={RoboCup: A challenge problem for AI},
  author={Kitano, Hiroaki and Asada, Minoru and Kuniyoshi, Yasuo and Noda,
	  Itsuki and Osawa, Eiichi and Matsubara, Hitoshi},
  journal={AI magazine},
  volume={18},
  number={1},
  pages={73},
  year={1997}
}
